<record><leader>00000cas a22000007a 4500</leader><controlfield tag="001">25968582</controlfield><controlfield tag="008">920608c19819999scuir ne      0    0eng d</controlfield><datafield ind1=" " ind2=" " tag="010"><subfield code="a">sn 92065556 </subfield></datafield><datafield ind1=" " ind2=" " tag="040"><subfield code="a">SVN</subfield><subfield code="b">eng</subfield><subfield code="c">SVN</subfield><subfield code="d">OCLCQ</subfield></datafield><datafield ind1=" " ind2=" " tag="042"><subfield code="a">msc</subfield></datafield><datafield ind1="0" ind2="0" tag="245"><subfield code="a">Chronicle-independent.</subfield></datafield><datafield ind1=" " ind2=" " tag="260"><subfield code="a">Camden, S.C. :</subfield><subfield code="b">Glenn Tucker and Michael Mischner</subfield></datafield><datafield ind1=" " ind2=" " tag="300"><subfield code="a">v.</subfield></datafield><datafield ind1=" " ind2=" " tag="310"><subfield code="a">Triweekly,</subfield><subfield code="b">Oct. 4, 1982 -</subfield></datafield><datafield ind1=" " ind2=" " tag="321"><subfield code="a">Daily (except Sat. and Sun.),</subfield><subfield code="b">May 11, 1981 - Oct. 1, 1982</subfield></datafield><datafield ind1="0" ind2=" " tag="362"><subfield code="a">Vol. 1, no. 1 (May 11, 1981)-</subfield></datafield><datafield ind1=" " ind2="4" tag="651"><subfield code="a">Kershaw County (S.C.)</subfield><subfield code="v">Newspapers.</subfield></datafield><datafield ind1=" " ind2="4" tag="651"><subfield code="a">Camden (S.C.)</subfield><subfield code="v">Newspapers.</subfield></datafield><datafield ind1=" " ind2=" " tag="752"><subfield code="a">United States</subfield><subfield code="b">South Carolina</subfield><subfield code="c">Kershaw</subfield><subfield code="d">Camden.</subfield></datafield><datafield ind1="0" ind2="4" tag="780"><subfield code="t">Camden chronicle</subfield><subfield code="w">(DLC)sn 86063785</subfield></datafield><datafield ind1="0" ind2="4" tag="780"><subfield code="t">Camden independent</subfield><subfield code="w">(DLC)sn 92065569</subfield></datafield><datafield ind1="1" ind2=" " tag="029"><subfield code="a">AU@</subfield><subfield code="b">000020749907</subfield></datafield></record>